@article{owen_metric,
  title = {Search templates for gravitational waves from inspiraling binaries: Choice of template spacing},
  author = {Owen, Benjamin J.},
  journal = {Phys. Rev. D},
  volume = {53},
  issue = {12},
  pages = {6749--6761},
  numpages = {0},
  year = {1996},
  month = {Jun},
  publisher = {American Physical Society},
  doi = {10.1103/PhysRevD.53.6749},
  url = {https://link.aps.org/doi/10.1103/PhysRevD.53.6749}
}


@article{PhysRevD.95.042001,
  title = {Analysis framework for the prompt discovery of compact binary mergers in gravitational-wave data},
  author = {Messick, Cody and Blackburn, Kent and Brady, Patrick and Brockill, Patrick and Cannon, Kipp and Cariou, Romain and Caudill, Sarah and Chamberlin, Sydney J. and Creighton, Jolien D. E. and Everett, Ryan and Hanna, Chad and Keppel, Drew and Lang, Ryan N. and Li, Tjonnie G. F. and Meacher, Duncan and Nielsen, Alex and Pankow, Chris and Privitera, Stephen and Qi, Hong and Sachdev, Surabhi and Sadeghian, Laleh and Singer, Leo and Thomas, E. Gareth and Wade, Leslie and Wade, Madeline and Weinstein, Alan and Wiesner, Karsten},
  journal = {Phys. Rev. D},
  volume = {95},
  issue = {4},
  pages = {042001},
  numpages = {15},
  year = {2017},
  month = {Feb},
  publisher = {American Physical Society},
  doi = {10.1103/PhysRevD.95.042001},
  url = {https://link.aps.org/doi/10.1103/PhysRevD.95.042001}
}

@article{SSM_O3a,
    author = "Abbott, R. and others",
    collaboration = "LIGO Scientific, VIRGO, KAGRA",
    title = "{Search for subsolar-mass binaries in the first half of Advanced LIGO and Virgo's third observing run}",
    eprint = "2109.12197",
    archivePrefix = "arXiv",
    primaryClass = "astro-ph.CO",
    reportNumber = "LIGO-P2100163-v8",
    month = "9",
    year = "2021"
}

@article{SSM_O2,
    author = "Abbott, B. P. and others",
    collaboration = "LIGO Scientific, Virgo",
    title = "{Search for Subsolar Mass Ultracompact Binaries in Advanced LIGO\textquoteright{}s Second Observing Run}",
    eprint = "1904.08976",
    archivePrefix = "arXiv",
    primaryClass = "astro-ph.CO",
    reportNumber = "LIGO-P1900037",
    doi = "10.1103/PhysRevLett.123.161102",
    journal = "Phys. Rev. Lett.",
    volume = "123",
    number = "16",
    pages = "161102",
    year = "2019"
}

@article{IMBH_O2,
    author = "Abbott, B. P. and others",
    collaboration = "LIGO Scientific, Virgo",
    title = "{Search for intermediate mass black hole binaries in the first and second observing runs of the Advanced LIGO and Virgo network}",
    eprint = "1906.08000",
    archivePrefix = "arXiv",
    primaryClass = "gr-qc",
    reportNumber = "LIGO-P1900045",
    doi = "10.1103/PhysRevD.100.064064",
    journal = "Phys. Rev. D",
    volume = "100",
    number = "6",
    pages = "064064",
    year = "2019"
}

@article{IMBH_O3,
    author = "Abbott, Rich and others",
    collaboration = "LIGO Scientific, VIRGO, KAGRA",
    title = "{Search for intermediate-mass black hole binaries in the third observing run of Advanced LIGO and Advanced Virgo}",
    eprint = "2105.15120",
    archivePrefix = "arXiv",
    primaryClass = "astro-ph.HE",
    reportNumber = "LIGO-P2100025",
    doi = "10.1051/0004-6361/202141452",
    journal = "Astron. Astrophys.",
    volume = "659",
    pages = "A84",
    year = "2022"
}

@article{GWTC-1,
  title = {GWTC-1: A Gravitational-Wave Transient Catalog of Compact Binary Mergers Observed by LIGO and Virgo during the First and Second Observing Runs},
  author = {Abbott, Rich and others},
  collaboration = {LIGO Scientific Collaboration and Virgo Collaboration},
  journal = {Phys. Rev. X},
  volume = {9},
  issue = {3},
  pages = {031040},
  numpages = {49},
  year = {2019},
  month = {Sep},
  publisher = {American Physical Society},
  doi = {10.1103/PhysRevX.9.031040},
  url = {https://link.aps.org/doi/10.1103/PhysRevX.9.031040}
}

@article{GWTC-2,
  title = {GWTC-2: Compact Binary Coalescences Observed by LIGO and Virgo during the First Half of the Third Observing Run},
  author = {Abbott, R. and others},
  collaboration = {LIGO Scientific Collaboration and Virgo Collaboration},
  journal = {Phys. Rev. X},
  volume = {11},
  issue = {2},
  pages = {021053},
  numpages = {52},
  year = {2021},
  month = {Jun},
  publisher = {American Physical Society},
  doi = {10.1103/PhysRevX.11.021053},
  url = {https://link.aps.org/doi/10.1103/PhysRevX.11.021053}
}

@article{GWTC-3,
    author = "Abbott, R. and others",
    collaboration = "LIGO Scientific, VIRGO, KAGRA",
    title = "{GWTC-3: Compact Binary Coalescences Observed by LIGO and Virgo During the Second Part of the Third Observing Run}",
    eprint = "2111.03606",
    archivePrefix = "arXiv",
    primaryClass = "gr-qc",
    reportNumber = "LIGO-P2000318",
    month = "11",
    year = "2021"
}

@article{GWTC-2.1,
    author = "Abbott, R. and others",
    collaboration = "LIGO Scientific, VIRGO",
    title = "{GWTC-2.1: Deep Extended Catalog of Compact Binary Coalescences Observed by LIGO and Virgo During the First Half of the Third Observing Run}",
    eprint = "2108.01045",
    archivePrefix = "arXiv",
    primaryClass = "gr-qc",
    reportNumber = "LIGO-P2100063",
    month = "8",
    year = "2021"
}

@article{PBH,
  title = {Search for Gravitational Waves from High-Mass-Ratio Compact-Binary Mergers of Stellar Mass and Subsolar Mass Black Holes},
  author = {Nitz, Alexander H. and Wang, Yi-Fan},
  journal = {Phys. Rev. Lett.},
  volume = {126},
  issue = {2},
  pages = {021103},
  numpages = {8},
  year = {2021},
  month = {Jan},
  publisher = {American Physical Society},
  doi = {10.1103/PhysRevLett.126.021103},
  url = {https://link.aps.org/doi/10.1103/PhysRevLett.126.021103}
}


@article{sbank,
    author = "Ajith, P. and Fotopoulos, N. and Privitera, S. and Neunzert, A. and Weinstein, A. J.",
    title = "{Effectual template bank for the detection of gravitational waves from inspiralling compact binaries with generic spins}",
    eprint = "1210.6666",
    archivePrefix = "arXiv",
    primaryClass = "gr-qc",
    reportNumber = "LIGO-P1200106-V2, LIGO-P1200106-V3",
    doi = "10.1103/PhysRevD.89.084041",
    journal = "Phys. Rev. D",
    volume = "89",
    number = "8",
    pages = "084041",
    year = "2014"
}


@article{Roy:2017oul,
    author = "Roy, Soumen and Sengupta, Anand S. and Ajith, Parameswaran",
    title = "{Effectual template banks for upcoming compact binary searches in Advanced-LIGO and Virgo data}",
    eprint = "1711.08743",
    archivePrefix = "arXiv",
    primaryClass = "gr-qc",
    reportNumber = "LIGO Document P1700396, LIGO-DOCUMENT-P1700396",
    doi = "10.1103/PhysRevD.99.024048",
    journal = "Phys. Rev. D",
    volume = "99",
    number = "2",
    pages = "024048",
    year = "2019"
}

@inproceedings{2018cosp...42E2899R,
       author = {{Roy}, Soumen and {Sankar Sengupta}, Anand and {Ajith}, Parameswaran},
        title = "{Geometric-stochastic template banks for gravitational wave searches from compact binaries in advanced-LIGO data}",
     keywords = {compact binary, compact binary coalescence, template bank, hybrid template bank, hybrid geometric-random template bank},
    booktitle = {42nd COSPAR Scientific Assembly},
         year = 2018,
       volume = {42},
        month = jul,
          eid = {E1.15-36-18},
        pages = {E1.15-36-18},
       adsurl = {https://ui.adsabs.harvard.edu/abs/2018cosp...42E2899R},
      adsnote = {Provided by the SAO/NASA Astrophysics Data System}
}


@article{Allen_performance_templates,
  title = {Performance of random template banks},
  author = {Allen, Bruce},
  journal = {Phys. Rev. D},
  volume = {105},
  issue = {10},
  pages = {102003},
  numpages = {9},
  year = {2022},
  month = {May},
  publisher = {American Physical Society},
  doi = {10.1103/PhysRevD.105.102003},
  url = {https://link.aps.org/doi/10.1103/PhysRevD.105.102003}
}




@article{Coogan:2022qxs,
    author = "Coogan, Adam and Edwards, Thomas D. P. and Chia, Horng Sheng and George, Richard N. and Freese, Katherine and Messick, Cody and Setzer, Christian N. and Weniger, Christoph and Zimmerman, Aaron",
    title = "{Efficient Template Bank Generation with Differentiable Waveforms}",
    eprint = "2202.09380",
    archivePrefix = "arXiv",
    primaryClass = "astro-ph.IM",
    reportNumber = "UTTG 26-2021, NORDITA-2022-004",
    month = "2",
    year = "2022"
}
